<?xml version="1.0" encoding="UTF-8" ?>
<marc:collection xmlns:marc="http://www.loc.gov/MARC21/slim" xmlns:xsi="http://www.w3.org/2001/XMLSchema-instance" xsi:schemaLocation="http://www.loc.gov/MARC21/slim http://www.loc.gov/standards/marcxml/schema/MARC21slim.xsd">
	<marc:record>
		<marc:leader>00942a   a2200157   4500</marc:leader>
		<marc:controlfield tag="001">40</marc:controlfield>
		<marc:datafield ind1="0" ind2=" " tag="024">
			<marc:subfield code="a">doi:10.1556/JBA.3.2014.4.3</marc:subfield>
		</marc:datafield>
		<marc:datafield ind1="1" ind2=" " tag="041">
			<marc:subfield code="a">English</marc:subfield>
		</marc:datafield>
		<marc:datafield ind1="0" ind2=" " tag="100">
			<marc:subfield code="a">Jonker, Anna</marc:subfield>
			<marc:subfield code="4">aut</marc:subfield>
		</marc:datafield>
		<marc:datafield ind1="0" ind2="0" tag="245">
			<marc:subfield code="a">Could music potentially serve as a functional alternative to alcohol consumption?</marc:subfield>
			<marc:subfield code="b">the importance of music motives among drinking and non-drinking adolescents</marc:subfield>
			<marc:subfield code="c">Anna Jonker; Emmanuel N. Kuntsche</marc:subfield>
		</marc:datafield>
		<marc:datafield ind1="0" ind2=" " tag="520">
			<marc:subfield code="a">This study investigated whether adolescents who drink and those who are teetotal differ in the link between music motives and health-related outcomes (life satisfaction, self-rated health, school pressure, somatic complaints, depressed and aggressive mood, physical powerlessness, frequency of being bullied and bullying others and evenings spent out with friends).</marc:subfield>
		</marc:datafield>
		<marc:datafield ind1="0" ind2="4" tag="650">
			<marc:subfield code="a">Alkohol</marc:subfield>
		</marc:datafield>
		<marc:datafield ind1="0" ind2="4" tag="650">
			<marc:subfield code="a">Epidemiologie</marc:subfield>
		</marc:datafield>
		<marc:datafield ind1="0" ind2="4" tag="650">
			<marc:subfield code="a">Musik</marc:subfield>
		</marc:datafield>
		<marc:datafield ind1="0" ind2=" " tag="700">
			<marc:subfield code="a">Kuntsche, Emmanuel N.</marc:subfield>
			<marc:subfield code="4">clb</marc:subfield>
		</marc:datafield>
		<marc:datafield ind1="0" ind2=" " tag="773">
			<marc:subfield code="w">jauth-002</marc:subfield>
			<marc:subfield code="t">Journal of Behavioral Addictions</marc:subfield>
			<marc:subfield code="g">volume 3, number 4</marc:subfield>
		</marc:datafield>
	</marc:record>