
	<marc:record>
		<marc:leader>00301a   a2200109   4500</marc:leader>
		<marc:controlfield tag="001">24</marc:controlfield>
		<marc:datafield ind1="2" ind2=" " tag="024">
			<marc:subfield code="a">9780007191154</marc:subfield>
			<marc:subfield code="c">30.00 euro</marc:subfield>
		</marc:datafield>
		<marc:datafield ind1="1" ind2=" " tag="041">
			<marc:subfield code="a">English</marc:subfield>
		</marc:datafield>
		<marc:datafield ind1="1" ind2=" " tag="100">
			<marc:subfield code="a">Christie, Agatha</marc:subfield>
			<marc:subfield code="4">aut</marc:subfield>
		</marc:datafield>
		<marc:datafield ind1="0" ind2="0" tag="245">
			<marc:subfield code="a">Death on the Nil</marc:subfield>
			<marc:subfield code="c">Agatha Christie; David Suchet</marc:subfield>
		</marc:datafield>
		<marc:datafield ind1="3" ind2=" " tag="260">
			<marc:subfield code="b">HarperCollins Publishers</marc:subfield>
			<marc:subfield code="c">2004</marc:subfield>
		</marc:datafield>
		<marc:datafield ind1="1" ind2=" " tag="700">
			<marc:subfield code="a">Suchet, David</marc:subfield>
			<marc:subfield code="4">nrt</marc:subfield>
		</marc:datafield>
	</marc:record>