
	<marc:record>
		<marc:leader>00445a   a2200145   4500</marc:leader>
		<marc:controlfield tag="001">12</marc:controlfield>
		<marc:datafield ind1=" " ind2=" " tag="020">
			<marc:subfield code="a">9782091873053</marc:subfield>
			<marc:subfield code="c">7,50 EUR</marc:subfield>
		</marc:datafield>
		<marc:datafield ind1="1" ind2=" " tag="041">
			<marc:subfield code="a">French</marc:subfield>
		</marc:datafield>
		<marc:datafield ind1="1" ind2=" " tag="100">
			<marc:subfield code="a">Descartes, Rene</marc:subfield>
			<marc:subfield code="4">aut</marc:subfield>
		</marc:datafield>
		<marc:datafield ind1="1" ind2="0" tag="245">
			<marc:subfield code="a">Meditations metaphysiques</marc:subfield>
			<marc:subfield code="c">Descartes; Christine Thubert</marc:subfield>
		</marc:datafield>
		<marc:datafield ind1="3" ind2=" " tag="260">
			<marc:subfield code="b">Nathan</marc:subfield>
			<marc:subfield code="c">2009</marc:subfield>
		</marc:datafield>
		<marc:datafield ind1="0" ind2=" " tag="490">
			<marc:subfield code="a">integrales de philo (Les)</marc:subfield>
		</marc:datafield>
		<marc:datafield ind1="1" ind2=" " tag="700">
			<marc:subfield code="a">Thubert, Christine</marc:subfield>
			<marc:subfield code="4">clb</marc:subfield>
		</marc:datafield>
		<marc:datafield ind1="1" ind2=" " tag="760">
			<marc:subfield code="w">colauth-001</marc:subfield>
			<marc:subfield code="t">Les Integrales de philo</marc:subfield>
		</marc:datafield>
	</marc:record>