
	<marc:record>
		<marc:leader>00313a   a2200121   4500</marc:leader>
		<marc:controlfield tag="001">10</marc:controlfield>
		<marc:datafield ind1=" " ind2=" " tag="020">
			<marc:subfield code="a">9782080702104</marc:subfield>
			<marc:subfield code="c">5.80euro</marc:subfield>
		</marc:datafield>
		<marc:datafield ind1="1" ind2=" " tag="041">
			<marc:subfield code="a">French</marc:subfield>
		</marc:datafield>
		<marc:datafield ind1="1" ind2=" " tag="100">
			<marc:subfield code="a">Montaigne, Michel de</marc:subfield>
			<marc:subfield code="4">aut</marc:subfield>
		</marc:datafield>
		<marc:datafield ind1="1" ind2="0" tag="240">
			<marc:subfield code="a">Essais</marc:subfield>
		</marc:datafield>
		<marc:datafield ind1="1" ind2="0" tag="245">
			<marc:subfield code="a">Essais</marc:subfield>
			<marc:subfield code="c">Michel de Montaigne</marc:subfield>
		</marc:datafield>
		<marc:datafield ind1="3" ind2=" " tag="260">
			<marc:subfield code="a">Paris</marc:subfield>
			<marc:subfield code="b">Garnier-Flammarion</marc:subfield>
			<marc:subfield code="c">1969</marc:subfield>
		</marc:datafield>
	</marc:record>