
	<marc:record>
		<marc:leader>00374a   a2200133   4500</marc:leader>
		<marc:controlfield tag="001">15</marc:controlfield>
		<marc:datafield ind1=" " ind2=" " tag="020">
			<marc:subfield code="a">9781585281503</marc:subfield>
		</marc:datafield>
		<marc:datafield ind1="1" ind2=" " tag="041">
			<marc:subfield code="a">English</marc:subfield>
		</marc:datafield>
		<marc:datafield ind1="0" ind2=" " tag="100">
			<marc:subfield code="a">Trissel, L.A.</marc:subfield>
			<marc:subfield code="4">aut</marc:subfield>
		</marc:datafield>
		<marc:datafield ind1="0" ind2="0" tag="245">
			<marc:subfield code="a">Handbook of Injectable Drugs</marc:subfield>
			<marc:subfield code="c">Lawrence A. Trissel</marc:subfield>
		</marc:datafield>
		<marc:datafield ind1=" " ind2=" " tag="250">
			<marc:subfield code="a">14th</marc:subfield>
		</marc:datafield>
		<marc:datafield ind1="3" ind2=" " tag="260">
			<marc:subfield code="a">Bethesda</marc:subfield>
			<marc:subfield code="b">American Society of Health-System Pharmacists</marc:subfield>
			<marc:subfield code="c">2006</marc:subfield>
		</marc:datafield>
		<marc:datafield ind1="0" ind2="4" tag="650">
			<marc:subfield code="a">Injectable</marc:subfield>
		</marc:datafield>
	</marc:record>