
	<marc:record>
		<marc:leader>00325a   a2200109   4500</marc:leader>
		<marc:controlfield tag="001">18</marc:controlfield>
		<marc:datafield ind1=" " ind2=" " tag="020">
			<marc:subfield code="a">9781408855713</marc:subfield>
		</marc:datafield>
		<marc:datafield ind1="1" ind2=" " tag="100">
			<marc:subfield code="a">Rowling, Joanne Kathleen</marc:subfield>
			<marc:subfield code="d">1965-....</marc:subfield>
			<marc:subfield code="4">aut</marc:subfield>
		</marc:datafield>
		<marc:datafield ind1="1" ind2="0" tag="245">
			<marc:subfield code="a">Harry Potter and the Deathly Hallows</marc:subfield>
			<marc:subfield code="c">J.K. Rowling</marc:subfield>
		</marc:datafield>
		<marc:datafield ind1="3" ind2=" " tag="260">
			<marc:subfield code="a">London</marc:subfield>
			<marc:subfield code="b">Bloomsbury</marc:subfield>
			<marc:subfield code="c">2014</marc:subfield>
		</marc:datafield>
		<marc:datafield ind1="1" ind2=" " tag="490">
			<marc:subfield code="a">Harry Potter series</marc:subfield>
			<marc:subfield code="v">7</marc:subfield>
		</marc:datafield>
		<marc:datafield ind1="0" ind2=" " tag="760">
			<marc:subfield code="w">colauth-003</marc:subfield>
			<marc:subfield code="a">Harry Potter series</marc:subfield>
		</marc:datafield>
	</marc:record>