
	<marc:record>
		<marc:leader>00569a   a2200145   4500</marc:leader>
		<marc:controlfield tag="001">39</marc:controlfield>
		<marc:datafield ind1="1" ind2=" " tag="041">
			<marc:subfield code="a">German</marc:subfield>
		</marc:datafield>
		<marc:datafield ind1="0" ind2=" " tag="100">
			<marc:subfield code="a">Slijpen, Hans</marc:subfield>
			<marc:subfield code="4">aut</marc:subfield>
		</marc:datafield>
		<marc:datafield ind1="0" ind2="0" tag="245">
			<marc:subfield code="a">Hart und Sozial</marc:subfield>
			<marc:subfield code="b">Das Utrechter Modell</marc:subfield>
			<marc:subfield code="c">Hans Slijpen</marc:subfield>
		</marc:datafield>
		<marc:datafield ind1="0" ind2=" " tag="520">
			<marc:subfield code="a">Wiederholungstater sind haufig noch weiteren Belastungen in Form einer Abhangigkeit von psychotropen Substanzen oder einer anderen psychischen Storung ausgesetzt. Eine alleinige Bearbeitung des Deliktes hat deshalb wenig Sinn.</marc:subfield>
		</marc:datafield>
		<marc:datafield ind1="0" ind2="4" tag="650">
			<marc:subfield code="a">Abhangigkeit</marc:subfield>
		</marc:datafield>
		<marc:datafield ind1="0" ind2="4" tag="650">
			<marc:subfield code="a">Behandlung</marc:subfield>
		</marc:datafield>
		<marc:datafield ind1="0" ind2="4" tag="650">
			<marc:subfield code="a">Klinik</marc:subfield>
		</marc:datafield>
		<marc:datafield ind1=" " ind2="4" tag="651">
			<marc:subfield code="a">Netherlands</marc:subfield>
		</marc:datafield>
	</marc:record>