
	<marc:record>
		<marc:leader>00403a   a2200133   4500</marc:leader>
		<marc:controlfield tag="001">25</marc:controlfield>
		<marc:datafield ind1=" " ind2=" " tag="020">
			<marc:subfield code="a">9781843444848</marc:subfield>
		</marc:datafield>
		<marc:datafield ind1=" " ind2=" " tag="020">
			<marc:subfield code="a">9781843444862 (kindle)</marc:subfield>
		</marc:datafield>
		<marc:datafield ind1=" " ind2=" " tag="020">
			<marc:subfield code="a">9781843444879 (PDF)</marc:subfield>
		</marc:datafield>
		<marc:datafield ind1="1" ind2=" " tag="041">
			<marc:subfield code="a">English</marc:subfield>
		</marc:datafield>
		<marc:datafield ind1="1" ind2=" " tag="100">
			<marc:subfield code="a">Stevenson, Robert Louis</marc:subfield>
			<marc:subfield code="d">1850-1894</marc:subfield>
			<marc:subfield code="4">aut</marc:subfield>
		</marc:datafield>
		<marc:datafield ind1="1" ind2="0" tag="245">
			<marc:subfield code="a">The strange case of Dr Jekyll and Mr Hyde</marc:subfield>
			<marc:subfield code="c">Robert Louis Stevenson</marc:subfield>
		</marc:datafield>
		<marc:datafield ind1="3" ind2=" " tag="260">
			<marc:subfield code="a">Harpenden</marc:subfield>
			<marc:subfield code="b">Pulp! The Classics</marc:subfield>
			<marc:subfield code="c">2014</marc:subfield>
		</marc:datafield>
	</marc:record>