
	<marc:record>
		<marc:leader>00279a   a2200109   4500</marc:leader>
		<marc:controlfield tag="001">21</marc:controlfield>
		<marc:datafield ind1="2" ind2=" " tag="024">
			<marc:subfield code="a">9780142429181</marc:subfield>
			<marc:subfield code="c">20 euro</marc:subfield>
		</marc:datafield>
		<marc:datafield ind1="1" ind2=" " tag="041">
			<marc:subfield code="a">English</marc:subfield>
		</marc:datafield>
		<marc:datafield ind1="1" ind2=" " tag="100">
			<marc:subfield code="a">Steinbeck, John</marc:subfield>
			<marc:subfield code="4">aut</marc:subfield>
		</marc:datafield>
		<marc:datafield ind1="0" ind2="0" tag="245">
			<marc:subfield code="a">Of mice and men</marc:subfield>
			<marc:subfield code="c">John Steinbeck; Gary Sinise</marc:subfield>
		</marc:datafield>
		<marc:datafield ind1="3" ind2=" " tag="260">
			<marc:subfield code="b">Penguin</marc:subfield>
			<marc:subfield code="c">1992</marc:subfield>
		</marc:datafield>
		<marc:datafield ind1="1" ind2=" " tag="700">
			<marc:subfield code="a">Sinise, Gary</marc:subfield>
			<marc:subfield code="4">nrt</marc:subfield>
		</marc:datafield>
	</marc:record>