
	<marc:record>
		<marc:leader>00357a   a2200133   4500</marc:leader>
		<marc:controlfield tag="001">5</marc:controlfield>
		<marc:datafield ind1=" " ind2=" " tag="020">
			<marc:subfield code="a">0140390480</marc:subfield>
		</marc:datafield>
		<marc:datafield ind1="1" ind2=" " tag="041">
			<marc:subfield code="a">English</marc:subfield>
		</marc:datafield>
		<marc:datafield ind1="0" ind2=" " tag="100">
			<marc:subfield code="a">Twain, Mark</marc:subfield>
			<marc:subfield code="4">aut</marc:subfield>
		</marc:datafield>
		<marc:datafield ind1="0" ind2="0" tag="245">
			<marc:subfield code="a">The Adventures of Tom Sawyer</marc:subfield>
			<marc:subfield code="c">Mark Twain</marc:subfield>
		</marc:datafield>
		<marc:datafield ind1="3" ind2=" " tag="260">
			<marc:subfield code="a">London</marc:subfield>
			<marc:subfield code="b">Penguin books</marc:subfield>
			<marc:subfield code="c">1986</marc:subfield>
		</marc:datafield>
		<marc:datafield ind1="0" ind2=" " tag="490">
			<marc:subfield code="a">Penguin classics</marc:subfield>
		</marc:datafield>
		<marc:datafield ind1="1" ind2=" " tag="760">
			<marc:subfield code="w">colauth-006</marc:subfield>
			<marc:subfield code="t">Penguin classics</marc:subfield>
		</marc:datafield>
	</marc:record>