
	<marc:record>
		<marc:leader>00823a   a2200121   4500</marc:leader>
		<marc:controlfield tag="001">3</marc:controlfield>
		<marc:datafield ind1=" " ind2=" " tag="020">
			<marc:subfield code="a">9780747587477</marc:subfield>
			<marc:subfield code="c">11,00 euro</marc:subfield>
		</marc:datafield>
		<marc:datafield ind1="1" ind2=" " tag="041">
			<marc:subfield code="a">English</marc:subfield>
		</marc:datafield>
		<marc:datafield ind1="1" ind2=" " tag="100">
			<marc:subfield code="a">Stevenson, Robert Louis</marc:subfield>
			<marc:subfield code="4">aut</marc:subfield>
		</marc:datafield>
		<marc:datafield ind1="0" ind2="0" tag="245">
			<marc:subfield code="a">Treasure island</marc:subfield>
			<marc:subfield code="c">Robert Louis Stevenson</marc:subfield>
		</marc:datafield>
		<marc:datafield ind1="3" ind2=" " tag="260">
			<marc:subfield code="b">Editions Robert Laffont</marc:subfield>
			<marc:subfield code="c">2006</marc:subfield>
		</marc:datafield>
		<marc:datafield ind1="0" ind2=" " tag="520">
			<marc:subfield code="a">When an old sailor named Billy Bones dies in the inn belonging to young Jim Hawkins's parents, he leaves a greasy old map on which an X marks the spot where treasure is buried. Jim joins the crew of a ship in pursuit of Bones's treasure, and on the seas meets up with Long John Silver, a peg-legged pirate who has infiltrated their ranks. Jim must survive mutinies and counter-mutinies, face hand-to-hand combat with drunken sailors, and outwit double-crossing thieves before the treasure can be his.</marc:subfield>
		</marc:datafield>
	</marc:record>