
	<marc:record>
		<marc:leader>00609a   a2200121   4500</marc:leader>
		<marc:controlfield tag="001">1</marc:controlfield>
		<marc:datafield ind1=" " ind2=" " tag="020">
			<marc:subfield code="a">9780439796644</marc:subfield>
			<marc:subfield code="c">8.00 euro</marc:subfield>
		</marc:datafield>
		<marc:datafield ind1="1" ind2=" " tag="041">
			<marc:subfield code="a">English</marc:subfield>
		</marc:datafield>
		<marc:datafield ind1="1" ind2=" " tag="100">
			<marc:subfield code="a">Morpurgo, Michael</marc:subfield>
			<marc:subfield code="4">aut</marc:subfield>
		</marc:datafield>
		<marc:datafield ind1="0" ind2="0" tag="245">
			<marc:subfield code="a">War horse</marc:subfield>
			<marc:subfield code="c">Michael Morpurgo</marc:subfield>
		</marc:datafield>
		<marc:datafield ind1="3" ind2=" " tag="260">
			<marc:subfield code="b">Scholastic Ltd</marc:subfield>
			<marc:subfield code="c">2010</marc:subfield>
		</marc:datafield>
		<marc:datafield ind1="0" ind2=" " tag="520">
			<marc:subfield code="a">World War I has started and the military needs horses to move equipment, charge the enemy, and carry wounded soldiers off the battlefield. Joey, a farm horse is sold to the Army. Joey misses the farmer's son, Albert, and spends the war years wondering if the war will ever end and if he will ever see Albert again.</marc:subfield>
		</marc:datafield>
	</marc:record>